<?xml version = "1.0" encoding = "UTF-8"?><OAI-PMH xmlns="http://www.openarchives.org/OAI/2.0/" xmlns:xsi="http://www.w3.org/2001/XMLSchema-instance" xsi:schemaLocation="http://www.openarchives.org/OAI/2.0/ http://www.openarchives.org/OAI/2.0/OAI-PMH.xsd"><ListRecords><record><header><identifier>aleph-publish:002882563</identifier></header><metadata><record xmlns="http://www.ddb.de/professionell/mabxml/mabxml-1.xsd"><leader>00455vM2.01200024------h</leader><controlfield tag="LDR">00455vM2.01200024------h</controlfield><controlfield tag="FMT">MH</controlfield><datafield tag="001" ind1="-" ind2="1"><subfield code="a">HT007506344</subfield></datafield><datafield tag="002" ind1="a" ind2="1"><subfield code="a">19970606</subfield></datafield><controlfield tag="030">e|1uc||||||17</controlfield><datafield tag="036" ind1="a" ind2="1"><subfield code="a">CH</subfield></datafield><controlfield tag="050">a|||||||||||||</controlfield><controlfield tag="051">m|||||||</controlfield><datafield tag="070" ind1="-" ind2="1"><subfield code="a">HBZ/Off</subfield></datafield><datafield tag="078" ind1="o" ind2="1"><subfield code="a">retro</subfield></datafield><datafield tag="080" ind1="-" ind2="1"><subfield code="a">50</subfield></datafield><datafield tag="100" ind1="-" ind2="1"><subfield code="p">Naipaul, V. S.</subfield><subfield code="d">1932-</subfield><subfield code="9">(DE-588)118737929</subfield></datafield><datafield tag="101" ind1="-" ind2="1"><subfield code="p">Naipaul, Vidiadhar Surajprasad</subfield><subfield code="d">1932-</subfield></datafield><datafield tag="101" ind1="-" ind2="1"><subfield code="p">Naipaul, Vedladhar Surajprasad</subfield><subfield code="d">1932-</subfield></datafield><datafield tag="101" ind1="-" ind2="1"><subfield code="p">Nāyapāṃla, V. S.</subfield><subfield code="d">1932-</subfield></datafield><datafield tag="101" ind1="-" ind2="1"><subfield code="p">Naipaul, Vidiadhar S.</subfield><subfield code="d">1932-</subfield></datafield><datafield tag="104" ind1="b" ind2="1"><subfield code="p">Zedlitz, Ursula &lt;&lt;von&gt;&gt;</subfield><subfield code="9">(DE-588)126381852</subfield></datafield><datafield tag="304" ind1="b" ind2="1"><subfield code="a">&lt;&lt;The&gt;&gt; mimic Men &lt;dt.&gt;</subfield></datafield><datafield tag="331" ind1="-" ind2="1"><subfield code="a">Herr und Sklave</subfield></datafield><datafield tag="359" ind1="-" ind2="1"><subfield code="a">V. S. Naipaul. (Aus d. Engl. v. Ursula v. Zedlitz zu Hohenlohe)</subfield></datafield><datafield tag="410" ind1="-" ind2="1"><subfield code="a">Zug, Schweiz</subfield></datafield><datafield tag="412" ind1="-" ind2="1"><subfield code="a">Ingse Verl.</subfield></datafield><datafield tag="425" ind1="a" ind2="1"><subfield code="a">1974</subfield></datafield><datafield tag="433" ind1="-" ind2="1"><subfield code="a">321 S. ; 8-o</subfield></datafield><datafield tag="451" ind1="-" ind2="1"><subfield code="a">Edition Sven Erik Bergh</subfield></datafield><controlfield tag="SYS">002882563</controlfield><datafield tag="LOW" ind1="-" ind2="1"><subfield code="a">Q0001</subfield></datafield><datafield tag="088" ind1=" " ind2=" "><subfield code="a">5</subfield><subfield code="b">00000000</subfield><subfield code="c">75/392</subfield><subfield code="e">ILL Ausleihe</subfield></datafield><datafield tag="088" ind1=" " ind2=" "><subfield code="a">61</subfield><subfield code="b">00</subfield><subfield code="c">ang/b3671</subfield><subfield code="e">Ausleihbar</subfield></datafield><datafield tag="088" ind1=" " ind2=" "><subfield code="a">62</subfield></datafield><datafield tag="088" ind1=" " ind2=" "><subfield code="a">136</subfield></datafield></record></metadata></record></ListRecords></OAI-PMH>